% ====== Libros  ==============
@book{chen1990linear,
  title={Linear Networks and Systems: Fourier analysis and state equations},
  author={Chen, Wai-Kai},
  volume={3},
  year={1990},
  publisher={World Scientific}
}

@book{trevino2016managing,
  title={Managing business ethics: Straight talk about how to do it right},
  author={Trevino, Linda K and Nelson, Katherine A},
  year={2016},
  publisher={John Wiley \& Sons}
}

@book{duchesne2018educational,
  title={Educational psychology for learning and teaching},
  author={Duchesne, Sue and McMaugh, Anne},
  year={2018},
  publisher={Cengage AU}
}
% ======== Articulos =============
@article{sainaghi2008strategic,
  title={Strategic positioning and performance of winter destinations},
  author={Sainaghi, Ruggero},
  journal={Tourism Review},
  year={2008},
  publisher={Emerald Group Publishing Limited}
}

@article{Falconi2020,
author = {Lenin G. Falconi and Maria Perez and Wilbert G. Aguilar and Aura Conci},
doi = {10.25046/aj050220},
file = {:D$\backslash$:/ASTESJ/ASTESJ{\_}050220.pdf:pdf},
journal = {Advances in Science, Technology and Engineering Systems Journal},
number = {2},
pages = {154--165},
title = {{Transfer Learning and Fine Tuning in Breast Mammogram Abnormalities Classification on CBIS-DDSM Database}},
volume = {5},
year = {2020}
}

@article{harrison2005development,
  title={The development of an Indigenous knowledge program in a New Zealand Maori-language immersion school},
  author={Harrison, Barbara},
  journal={Anthropology \& Education Quarterly},
  volume={36},
  number={1},
  pages={57--72},
  year={2005},
  publisher={Wiley Online Library}
}

% ====== Miscelaneous =========================
@misc{young1964synthetic,
  title={Synthetic structure of industrial plastics in Plastics, vol. 3, J. Peters, Ed},
  author={Young, GO},
  year={1964},
  publisher={New York: McGraw-Hill}
}


